<?xml version="1.0" encoding="UTF-8" ?><OAI-PMH xmlns="http://www.openarchives.org/OAI/2.0/" xmlns:xsi="http://www.w3.org/2001/XMLSchema-instance" xsi:schemaLocation="http://www.openarchives.org/OAI/2.0/
http://www.openarchives.org/OAI/2.0/OAI-PMH.xsd"><responseDate>2022-03-01T13:02:34Z</responseDate><request verb="ListRecords" resumptionToken="202108011205183999999999999999DNT-ALL:DNT-ALLM">http://aleph.nkp.cz/OAI</request><ListRecords><record><header><identifier>oai:aleph-nkp.cz:DNT01-000004135</identifier><datestamp>2021-08-01T12:05:18Z</datestamp><setSpec>DNT-ALL</setSpec></header><metadata><marc:record xmlns:marc="http://www.loc.gov/MARC21/slim"
xmlns:xsi="http://www.w3.org/2001/XMLSchema-instance"
xsi:schemaLocation="http://www.loc.gov/MARC21/slim
http://www.loc.gov/standards/marcxml/schema/MARC21slim.xsd"><marc:leader>     cam a22     1  4500</marc:leader><marc:controlfield tag="001">000004135</marc:controlfield><marc:controlfield tag="003">CZ PrDNT</marc:controlfield><marc:controlfield tag="005">20080925100538.0</marc:controlfield><marc:controlfield tag="007">tu</marc:controlfield><marc:controlfield tag="008">970103s1976    xr            0|0 0 cze d</marc:controlfield><marc:datafield tag="015" ind1=" " ind2=" "><marc:subfield code="a">cnb000134462</marc:subfield></marc:datafield><marc:datafield tag="035" ind1=" " ind2=" "><marc:subfield code="a">(CZ-PrSKC)uzp000161787</marc:subfield></marc:datafield><marc:datafield tag="040" ind1=" " ind2=" "><marc:subfield code="a">ABA001</marc:subfield><marc:subfield code="b">cze</marc:subfield><marc:subfield code="c">HKA001</marc:subfield><marc:subfield code="d">ABA001</marc:subfield><marc:subfield code="d">ABA009</marc:subfield><marc:subfield code="9">2</marc:subfield></marc:datafield><marc:datafield tag="072" ind1=" " ind2="7"><marc:subfield code="a">519.1/.8</marc:subfield><marc:subfield code="x">Kombinatorika. Teorie grafů. Matematická statistika. Operační výzkum. Matematické modelování</marc:subfield><marc:subfield code="2">Konspekt</marc:subfield><marc:subfield code="9">13</marc:subfield></marc:datafield><marc:datafield tag="080" ind1=" " ind2=" "><marc:subfield code="a">519.2(023)</marc:subfield><marc:subfield code="2">MRF-sel</marc:subfield></marc:datafield><marc:datafield tag="080" ind1=" " ind2=" "><marc:subfield code="a">519.23</marc:subfield><marc:subfield code="2">MRF-sel</marc:subfield></marc:datafield><marc:datafield tag="100" ind1="1" ind2=" "><marc:subfield code="a">Anděl, Jiří,</marc:subfield><marc:subfield code="d">1939-2021</marc:subfield><marc:subfield code="7">jk01010257</marc:subfield><marc:subfield code="4">aut</marc:subfield><marc:subfield code="4">aut</marc:subfield></marc:datafield><marc:datafield tag="245" ind1="1" ind2="0"><marc:subfield code="a">Statistická analýza časových řad :</marc:subfield><marc:subfield code="b">Určeno [též] posl. vys. škol. techn. a matematicko fyz. fak. /</marc:subfield><marc:subfield code="c">Jiří Anděl</marc:subfield></marc:datafield><marc:datafield tag="250" ind1=" " ind2=" "><marc:subfield code="a">1. vyd.</marc:subfield></marc:datafield><marc:datafield tag="260" ind1=" " ind2=" "><marc:subfield code="a">Praha :</marc:subfield><marc:subfield code="b">SNTL,</marc:subfield><marc:subfield code="c">1976</marc:subfield><marc:subfield code="e">(Brno :</marc:subfield><marc:subfield code="f">Tisk 1)</marc:subfield></marc:datafield><marc:datafield tag="300" ind1=" " ind2=" "><marc:subfield code="a">271, [1] s. ;</marc:subfield><marc:subfield code="c">8°</marc:subfield></marc:datafield><marc:datafield tag="490" ind1="1" ind2=" "><marc:subfield code="a">Teoretická knižnice inženýra</marc:subfield></marc:datafield><marc:datafield tag="490" ind1="1" ind2=" "><marc:subfield code="a">Řada teoretické literatury</marc:subfield></marc:datafield><marc:datafield tag="500" ind1=" " ind2=" "><marc:subfield code="a">Obálka a vazba: Karel Wick</marc:subfield></marc:datafield><marc:datafield tag="500" ind1=" " ind2=" "><marc:subfield code="a">2200 výt.</marc:subfield></marc:datafield><marc:datafield tag="500" ind1=" " ind2=" "><marc:subfield code="a">Přehl. lit.</marc:subfield></marc:datafield><marc:datafield tag="500" ind1=" " ind2=" "><marc:subfield code="a">Věcný rejstřík</marc:subfield></marc:datafield><marc:datafield tag="650" ind1="0" ind2="7"><marc:subfield code="a">statistická analýza</marc:subfield><marc:subfield code="7">ph126062</marc:subfield><marc:subfield code="2">czenas</marc:subfield></marc:datafield><marc:datafield tag="650" ind1="0" ind2="7"><marc:subfield code="a">statistika</marc:subfield><marc:subfield code="2">agroterm</marc:subfield></marc:datafield><marc:datafield tag="650" ind1="0" ind2="7"><marc:subfield code="a">učebnice</marc:subfield><marc:subfield code="7">ph126974</marc:subfield><marc:subfield code="2">czenas</marc:subfield></marc:datafield><marc:datafield tag="653" ind1="0" ind2=" "><marc:subfield code="a">časové řady</marc:subfield><marc:subfield code="a">analýza časových řad</marc:subfield></marc:datafield><marc:datafield tag="655" ind1=" " ind2="7"><marc:subfield code="a">učebnice vysokých škol</marc:subfield><marc:subfield code="7">fd133772</marc:subfield><marc:subfield code="2">czenas</marc:subfield></marc:datafield><marc:datafield tag="830" ind1=" " ind2="0"><marc:subfield code="a">Teoretická knižnice inženýra</marc:subfield></marc:datafield><marc:datafield tag="830" ind1=" " ind2="0"><marc:subfield code="a">Řada teoretické literatury</marc:subfield></marc:datafield><marc:datafield tag="856" ind1="4" ind2="1"><marc:subfield code="u">http://krameriusndk.nkp.cz/search/handle/uuid:2da72510-938d-11e7-ab16-005056827e52</marc:subfield><marc:subfield code="y">Digitalizovaný dokument</marc:subfield></marc:datafield><marc:datafield tag="956" ind1="4" ind2=" "><marc:subfield code="u">http://krameriusndk.nkp.cz/search/handle/uuid:2da72510-938d-11e7-ab16-005056827e52</marc:subfield><marc:subfield code="9">A</marc:subfield></marc:datafield><marc:datafield tag="964" ind1=" " ind2=" "><marc:subfield code="a">Analýza statistická - řady časové - monografie</marc:subfield></marc:datafield><marc:datafield tag="964" ind1=" " ind2=" "><marc:subfield code="a">Řady časové - analýza statistická - příručky</marc:subfield></marc:datafield><marc:datafield tag="964" ind1=" " ind2=" "><marc:subfield code="a">Řady časové - analýza statistická - monografie</marc:subfield></marc:datafield><marc:datafield tag="990" ind1=" " ind2=" "><marc:subfield code="a">A</marc:subfield></marc:datafield><marc:datafield tag="992" ind1=" " ind2=" "><marc:subfield code="s">A</marc:subfield><marc:subfield code="a">20200101</marc:subfield><marc:subfield code="b">batch</marc:subfield></marc:datafield><marc:datafield tag="998" ind1=" " ind2=" "><marc:subfield code="a">DNT01-000004135</marc:subfield></marc:datafield></marc:record></metadata></record>