<record><header><identifier>oai:aleph-nkp.cz:DNT01-000004136</identifier><datestamp>2021-08-01T12:05:18Z</datestamp><setSpec>DNT-ALL</setSpec></header><metadata><marc:record xmlns:marc="http://www.loc.gov/MARC21/slim"
xmlns:xsi="http://www.w3.org/2001/XMLSchema-instance"
xsi:schemaLocation="http://www.loc.gov/MARC21/slim
http://www.loc.gov/standards/marcxml/schema/MARC21slim.xsd"><marc:leader>     nam a22      a 4500</marc:leader><marc:controlfield tag="001">000004136</marc:controlfield><marc:controlfield tag="003">CZ PrDNT</marc:controlfield><marc:controlfield tag="005">20160713153147.0</marc:controlfield><marc:controlfield tag="008">060127s1969    xr           u||| | cze  </marc:controlfield><marc:datafield tag="015" ind1=" " ind2=" "><marc:subfield code="a">cnb000134464</marc:subfield></marc:datafield><marc:datafield tag="020" ind1=" " ind2=" "><marc:subfield code="c">Kčs 26.00</marc:subfield></marc:datafield><marc:datafield tag="035" ind1=" " ind2=" "><marc:subfield code="a">(CZ-PrSKC)10009214</marc:subfield></marc:datafield><marc:datafield tag="040" ind1=" " ind2=" "><marc:subfield code="a">BOG001</marc:subfield><marc:subfield code="b">cze</marc:subfield></marc:datafield><marc:datafield tag="041" ind1="1" ind2=" "><marc:subfield code="a">cze</marc:subfield><marc:subfield code="h">dan</marc:subfield></marc:datafield><marc:datafield tag="072" ind1=" " ind2="7"><marc:subfield code="a">821-93</marc:subfield><marc:subfield code="x">Literatura pro děti a mládež (beletrie)</marc:subfield><marc:subfield code="2">Konspekt</marc:subfield><marc:subfield code="9">26</marc:subfield></marc:datafield><marc:datafield tag="072" ind1=" " ind2="7"><marc:subfield code="a">821.11</marc:subfield><marc:subfield code="x">Germánské literatury</marc:subfield><marc:subfield code="2">Konspekt</marc:subfield><marc:subfield code="9">25</marc:subfield></marc:datafield><marc:datafield tag="100" ind1="1" ind2=" "><marc:subfield code="a">Andersen, Hans Christian,</marc:subfield><marc:subfield code="d">1805-1875</marc:subfield><marc:subfield code="7">jn19990000171</marc:subfield><marc:subfield code="4">aut</marc:subfield></marc:datafield><marc:datafield tag="245" ind1="1" ind2="0"><marc:subfield code="a">Flétnové hodiny :</marc:subfield><marc:subfield code="b">pohádky a povídky /</marc:subfield><marc:subfield code="c">Hans Christian Andersen ; [přeložili Jiřina Vrtišová, Oldřich Liška, Jan Rak] ; [ilustroval Cyril Bouda] ; [doslov Emanuel Frynta]</marc:subfield></marc:datafield><marc:datafield tag="250" ind1=" " ind2=" "><marc:subfield code="a">1. vyd.</marc:subfield></marc:datafield><marc:datafield tag="260" ind1=" " ind2=" "><marc:subfield code="a">Praha :</marc:subfield><marc:subfield code="b">Mladá fronta,</marc:subfield><marc:subfield code="c">1969</marc:subfield></marc:datafield><marc:datafield tag="300" ind1=" " ind2=" "><marc:subfield code="a">218 s. :</marc:subfield><marc:subfield code="b">il. ;</marc:subfield><marc:subfield code="c">21 cm</marc:subfield></marc:datafield><marc:datafield tag="490" ind1="1" ind2=" "><marc:subfield code="a">Máj ;</marc:subfield><marc:subfield code="v">sv. 136</marc:subfield></marc:datafield><marc:datafield tag="500" ind1=" " ind2=" "><marc:subfield code="a">Přeloženo z dánštiny</marc:subfield></marc:datafield><marc:datafield tag="500" ind1=" " ind2=" "><marc:subfield code="a">Vydáno ve spolupráci s nakladatelstvím Smena, Naše vojsko, Lidové nakladatelství</marc:subfield></marc:datafield><marc:datafield tag="520" ind1=" " ind2=" "><marc:subfield code="a">Dvaatřicet pohádek a povídek světově proslulého dánského pohádkáře minulého století, představujících výbor z rozsáhlého autorova díla tohoto žánru. Vystupují v nich nejen tradiční princezny, králové, drobní lidé, zvířata a imaginární bytosti, ale také personifikované věci.</marc:subfield></marc:datafield><marc:datafield tag="653" ind1="0" ind2=" "><marc:subfield code="a">dánská literatura pro děti</marc:subfield><marc:subfield code="a">pohádky</marc:subfield><marc:subfield code="a">povídky</marc:subfield></marc:datafield><marc:datafield tag="700" ind1="1" ind2=" "><marc:subfield code="a">Vrtišová, Jiřina,</marc:subfield><marc:subfield code="d">1901-1984</marc:subfield><marc:subfield code="7">jk01151066</marc:subfield><marc:subfield code="4">trl</marc:subfield></marc:datafield><marc:datafield tag="700" ind1="1" ind2=" "><marc:subfield code="a">Liška, Oldřich,</marc:subfield><marc:subfield code="d">1920-</marc:subfield><marc:subfield code="7">jk01072276</marc:subfield><marc:subfield code="4">trl</marc:subfield></marc:datafield><marc:datafield tag="700" ind1="1" ind2=" "><marc:subfield code="a">Rak, Jan,</marc:subfield><marc:subfield code="d">1920-</marc:subfield><marc:subfield code="7">jk01101981</marc:subfield><marc:subfield code="4">trl</marc:subfield></marc:datafield><marc:datafield tag="700" ind1="1" ind2=" "><marc:subfield code="a">Bouda, Cyril,</marc:subfield><marc:subfield code="d">1901-1984</marc:subfield><marc:subfield code="7">jk01012795</marc:subfield><marc:subfield code="4">ill</marc:subfield></marc:datafield><marc:datafield tag="700" ind1="1" ind2=" "><marc:subfield code="a">Frynta, Emanuel,</marc:subfield><marc:subfield code="d">1923-1975</marc:subfield><marc:subfield code="7">jk01032090</marc:subfield><marc:subfield code="4">aui</marc:subfield></marc:datafield><marc:datafield tag="830" ind1=" " ind2="0"><marc:subfield code="a">Máj</marc:subfield></marc:datafield><marc:datafield tag="856" ind1="4" ind2="1"><marc:subfield code="u">http://krameriusndk.nkp.cz/search/handle/uuid:8ad39490-0d31-11e7-968f-005056827e51</marc:subfield><marc:subfield code="y">Digitalizovaný dokument</marc:subfield></marc:datafield><marc:datafield tag="956" ind1="4" ind2=" "><marc:subfield code="u">http://krameriusndk.nkp.cz/search/handle/uuid:8ad39490-0d31-11e7-968f-005056827e51</marc:subfield><marc:subfield code="9">A</marc:subfield></marc:datafield><marc:datafield tag="990" ind1=" " ind2=" "><marc:subfield code="a">A</marc:subfield></marc:datafield><marc:datafield tag="992" ind1=" " ind2=" "><marc:subfield code="s">A</marc:subfield><marc:subfield code="a">20200101</marc:subfield><marc:subfield code="b">batch</marc:subfield></marc:datafield><marc:datafield tag="998" ind1=" " ind2=" "><marc:subfield code="a">DNT01-000004136</marc:subfield></marc:datafield></marc:record></metadata></record>