<record><header><identifier>oai:aleph-nkp.cz:DNT01-000153133</identifier><datestamp>2021-08-01T12:05:18Z</datestamp><setSpec>DNT-ALL</setSpec></header><metadata><marc:record xmlns:marc="http://www.loc.gov/MARC21/slim"
xmlns:xsi="http://www.w3.org/2001/XMLSchema-instance"
xsi:schemaLocation="http://www.loc.gov/MARC21/slim
http://www.loc.gov/standards/marcxml/schema/MARC21slim.xsd"><marc:leader>     nam a22      a 4500</marc:leader><marc:controlfield tag="001">000153133</marc:controlfield><marc:controlfield tag="003">CZ PrDNT</marc:controlfield><marc:controlfield tag="005">20160618094753.0</marc:controlfield><marc:controlfield tag="008">010701s1998    xr     f      ||| | cze  </marc:controlfield><marc:datafield tag="020" ind1=" " ind2=" "><marc:subfield code="a">80-7184-556-6</marc:subfield><marc:subfield code="q">(brož) :</marc:subfield><marc:subfield code="c">80.00</marc:subfield></marc:datafield><marc:datafield tag="035" ind1=" " ind2=" "><marc:subfield code="a">(CZ-PrSKC)vkol000097391</marc:subfield></marc:datafield><marc:datafield tag="040" ind1=" " ind2=" "><marc:subfield code="a">OLA001</marc:subfield><marc:subfield code="b">cze</marc:subfield></marc:datafield><marc:datafield tag="100" ind1="1" ind2=" "><marc:subfield code="a">Kolář, Jiří,</marc:subfield><marc:subfield code="d">1932-</marc:subfield><marc:subfield code="7">jn19981001643</marc:subfield></marc:datafield><marc:datafield tag="245" ind1="1" ind2="0"><marc:subfield code="a">Sborový zpěv a řízení sboru.</marc:subfield><marc:subfield code="n">I/1</marc:subfield></marc:datafield><marc:datafield tag="250" ind1=" " ind2=" "><marc:subfield code="a">2. vyd.</marc:subfield></marc:datafield><marc:datafield tag="260" ind1=" " ind2=" "><marc:subfield code="a">Praha :</marc:subfield><marc:subfield code="b">Karolinum,</marc:subfield><marc:subfield code="c">1998</marc:subfield></marc:datafield><marc:datafield tag="300" ind1=" " ind2=" "><marc:subfield code="a">182 s</marc:subfield></marc:datafield><marc:datafield tag="500" ind1=" " ind2=" "><marc:subfield code="a">Rozmn.</marc:subfield></marc:datafield><marc:datafield tag="500" ind1=" " ind2=" "><marc:subfield code="a">Vydavatel: Univerzita Karlova. - Pedagogická fakulta. - Katedra hudební výchovy</marc:subfield></marc:datafield><marc:datafield tag="520" ind1="2" ind2=" "><marc:subfield code="a">Množství teoretických informací je uspořádáno a formulováno tak, aby vynikla jejich souvislost se sbormistrovskou praxí. Zkušení autoři k nim fundovaně přidávají rady týkající se postupů práce se sborem a sbormistrových návyků jakožto vůdčí osobnosti.</marc:subfield></marc:datafield><marc:datafield tag="520" ind1="2" ind2=" "><marc:subfield code="a">Přehledná učebnice obsahuje všechny základní informace užitečné pro začínající sbormistry, od práce s hlasem přes intonační a rytmické techniky po techniky dirigování a taktování. Každou kapitolu uzavírají praktická cvičení.</marc:subfield></marc:datafield><marc:datafield tag="653" ind1="0" ind2=" "><marc:subfield code="a">pěvecké sbory</marc:subfield><marc:subfield code="a">sborový zpěv</marc:subfield><marc:subfield code="a">řízení</marc:subfield></marc:datafield><marc:datafield tag="655" ind1=" " ind2="7"><marc:subfield code="a">učebnice</marc:subfield><marc:subfield code="7">fd133770</marc:subfield><marc:subfield code="2">czenas</marc:subfield></marc:datafield><marc:datafield tag="700" ind1="1" ind2=" "><marc:subfield code="a">Rob, Josef</marc:subfield></marc:datafield><marc:datafield tag="700" ind1="1" ind2=" "><marc:subfield code="a">Štíbrová, Ivana,</marc:subfield><marc:subfield code="d">1944-</marc:subfield><marc:subfield code="7">jo2012718440</marc:subfield></marc:datafield><marc:datafield tag="710" ind1="2" ind2=" "><marc:subfield code="a">Univerzita Karlova.</marc:subfield><marc:subfield code="b">Pedagogická fakulta (Praha, Česko).</marc:subfield><marc:subfield code="b">Katedra hudební výchovy</marc:subfield></marc:datafield><marc:datafield tag="990" ind1=" " ind2=" "><marc:subfield code="a">A</marc:subfield></marc:datafield><marc:datafield tag="992" ind1=" " ind2=" "><marc:subfield code="s">PA</marc:subfield><marc:subfield code="a">20200731</marc:subfield><marc:subfield code="b">batch</marc:subfield></marc:datafield><marc:datafield tag="992" ind1=" " ind2=" "><marc:subfield code="s">A</marc:subfield><marc:subfield code="a">20210201</marc:subfield><marc:subfield code="b">batch</marc:subfield></marc:datafield><marc:datafield tag="998" ind1=" " ind2=" "><marc:subfield code="a">DNT01-000153133</marc:subfield></marc:datafield></marc:record></metadata></record>