<record><header><identifier>oai:aleph-nkp.cz:DNT01-000153134</identifier><datestamp>2021-08-01T12:05:18Z</datestamp><setSpec>DNT-ALL</setSpec></header><metadata><marc:record xmlns:marc="http://www.loc.gov/MARC21/slim"
xmlns:xsi="http://www.w3.org/2001/XMLSchema-instance"
xsi:schemaLocation="http://www.loc.gov/MARC21/slim
http://www.loc.gov/standards/marcxml/schema/MARC21slim.xsd"><marc:leader>     cam a22      a 4500</marc:leader><marc:controlfield tag="001">000153134</marc:controlfield><marc:controlfield tag="003">CZ PrDNT</marc:controlfield><marc:controlfield tag="005">20100430092148.5</marc:controlfield><marc:controlfield tag="007">ta</marc:controlfield><marc:controlfield tag="008">980619s1998    xr a   e f    001 0 cze  </marc:controlfield><marc:datafield tag="015" ind1=" " ind2=" "><marc:subfield code="a">cnb000365150</marc:subfield></marc:datafield><marc:datafield tag="020" ind1=" " ind2=" "><marc:subfield code="a">80-7176-707-7</marc:subfield><marc:subfield code="q">(Knižní klub ;</marc:subfield><marc:subfield code="q">váz.)</marc:subfield></marc:datafield><marc:datafield tag="020" ind1=" " ind2=" "><marc:subfield code="a">80-7237-048-0</marc:subfield><marc:subfield code="q">(Václav Svojtka &amp; Co. ;</marc:subfield><marc:subfield code="q">váz.)</marc:subfield></marc:datafield><marc:datafield tag="035" ind1=" " ind2=" "><marc:subfield code="a">(CZ-PrSKC)0206567</marc:subfield></marc:datafield><marc:datafield tag="040" ind1=" " ind2=" "><marc:subfield code="a">OSA001</marc:subfield><marc:subfield code="b">cze</marc:subfield><marc:subfield code="d">ABA001</marc:subfield><marc:subfield code="d">CBA001</marc:subfield></marc:datafield><marc:datafield tag="041" ind1="1" ind2=" "><marc:subfield code="a">cze</marc:subfield><marc:subfield code="h">eng</marc:subfield></marc:datafield><marc:datafield tag="072" ind1=" " ind2="7"><marc:subfield code="a">613</marc:subfield><marc:subfield code="x">Hygiena. Lidské zdraví</marc:subfield><marc:subfield code="2">Konspekt</marc:subfield><marc:subfield code="9">14</marc:subfield></marc:datafield><marc:datafield tag="080" ind1=" " ind2=" "><marc:subfield code="a">615.82:613.88</marc:subfield><marc:subfield code="2">MRF</marc:subfield></marc:datafield><marc:datafield tag="080" ind1=" " ind2=" "><marc:subfield code="a">221.3</marc:subfield><marc:subfield code="2">MRF</marc:subfield></marc:datafield><marc:datafield tag="080" ind1=" " ind2=" "><marc:subfield code="a">613.88</marc:subfield><marc:subfield code="2">MRF</marc:subfield></marc:datafield><marc:datafield tag="080" ind1=" " ind2=" "><marc:subfield code="a">(035)</marc:subfield><marc:subfield code="2">MRF</marc:subfield></marc:datafield><marc:datafield tag="100" ind1="1" ind2=" "><marc:subfield code="a">Russell, Stephen,</marc:subfield><marc:subfield code="d">1954-</marc:subfield><marc:subfield code="7">mzk2005312900</marc:subfield><marc:subfield code="4">aut</marc:subfield></marc:datafield><marc:datafield tag="245" ind1="1" ind2="0"><marc:subfield code="a">Tao sexuální masáže /</marc:subfield><marc:subfield code="c">Stephen Russell, Jürgen Kolb ; [přeložil Richard Bosák]</marc:subfield></marc:datafield><marc:datafield tag="250" ind1=" " ind2=" "><marc:subfield code="a">Vyd. 1.</marc:subfield></marc:datafield><marc:datafield tag="260" ind1=" " ind2=" "><marc:subfield code="a">Praha :</marc:subfield><marc:subfield code="b">Knižní klub :</marc:subfield><marc:subfield code="b">Svojtka &amp; Co.,</marc:subfield><marc:subfield code="c">1998</marc:subfield></marc:datafield><marc:datafield tag="300" ind1=" " ind2=" "><marc:subfield code="a">191 s. :</marc:subfield><marc:subfield code="b">il. ;</marc:subfield><marc:subfield code="c">24 cm</marc:subfield></marc:datafield><marc:datafield tag="500" ind1=" " ind2=" "><marc:subfield code="a">Přeloženo z angličtiny</marc:subfield></marc:datafield><marc:datafield tag="504" ind1=" " ind2=" "><marc:subfield code="a">Obsahuje bibliografii a rejstřík</marc:subfield></marc:datafield><marc:datafield tag="520" ind1="2" ind2=" "><marc:subfield code="a">Průvodce prastarým taoistickým učením sexuální masáže, jenž osvobozuje erotickou energii a uvolňuje tvořivou sílu.</marc:subfield></marc:datafield><marc:datafield tag="650" ind1="0" ind2="7"><marc:subfield code="a">sexualita</marc:subfield><marc:subfield code="7">ph116134</marc:subfield><marc:subfield code="x">taoistické pojetí</marc:subfield><marc:subfield code="2">czenas</marc:subfield></marc:datafield><marc:datafield tag="650" ind1="0" ind2="7"><marc:subfield code="a">erotické masáže</marc:subfield><marc:subfield code="7">ph134777</marc:subfield><marc:subfield code="2">czenas</marc:subfield></marc:datafield><marc:datafield tag="655" ind1=" " ind2="7"><marc:subfield code="a">příručky</marc:subfield><marc:subfield code="7">fd133209</marc:subfield><marc:subfield code="2">czenas</marc:subfield></marc:datafield><marc:datafield tag="700" ind1="1" ind2=" "><marc:subfield code="a">Kolb, Jürgen</marc:subfield><marc:subfield code="4">aut</marc:subfield></marc:datafield><marc:datafield tag="765" ind1="0" ind2=" "><marc:subfield code="t">Tao of sexual massage</marc:subfield><marc:subfield code="9">Česky</marc:subfield></marc:datafield><marc:datafield tag="990" ind1=" " ind2=" "><marc:subfield code="a">A</marc:subfield></marc:datafield><marc:datafield tag="992" ind1=" " ind2=" "><marc:subfield code="s">PA</marc:subfield><marc:subfield code="a">20200731</marc:subfield><marc:subfield code="b">batch</marc:subfield></marc:datafield><marc:datafield tag="992" ind1=" " ind2=" "><marc:subfield code="s">A</marc:subfield><marc:subfield code="a">20210201</marc:subfield><marc:subfield code="b">batch</marc:subfield></marc:datafield><marc:datafield tag="998" ind1=" " ind2=" "><marc:subfield code="a">DNT01-000153134</marc:subfield></marc:datafield></marc:record></metadata></record>