<record><header><identifier>oai:aleph-nkp.cz:DNT01-000153135</identifier><datestamp>2021-08-01T12:05:18Z</datestamp><setSpec>DNT-ALL</setSpec></header><metadata><marc:record xmlns:marc="http://www.loc.gov/MARC21/slim"
xmlns:xsi="http://www.w3.org/2001/XMLSchema-instance"
xsi:schemaLocation="http://www.loc.gov/MARC21/slim
http://www.loc.gov/standards/marcxml/schema/MARC21slim.xsd"><marc:leader>     nam a22      a 4500</marc:leader><marc:controlfield tag="001">000153135</marc:controlfield><marc:controlfield tag="003">CZ PrDNT</marc:controlfield><marc:controlfield tag="005">20201023150719.0</marc:controlfield><marc:controlfield tag="008">980615s1998    xr     e      ||| | cze  </marc:controlfield><marc:datafield tag="020" ind1=" " ind2=" "><marc:subfield code="a">80-01-01108-9</marc:subfield></marc:datafield><marc:datafield tag="035" ind1=" " ind2=" "><marc:subfield code="a">(CZ-PrSKC)000116370</marc:subfield></marc:datafield><marc:datafield tag="040" ind1=" " ind2=" "><marc:subfield code="a">HKA001</marc:subfield><marc:subfield code="b">cze</marc:subfield></marc:datafield><marc:datafield tag="072" ind1=" " ind2="7"><marc:subfield code="a">621.3</marc:subfield><marc:subfield code="x">Elektrotechnika</marc:subfield><marc:subfield code="2">Konspekt</marc:subfield><marc:subfield code="9">19</marc:subfield></marc:datafield><marc:datafield tag="072" ind1=" " ind2="7"><marc:subfield code="a">37.016</marc:subfield><marc:subfield code="x">Učební osnovy. Vyučovací předměty. Učebnice</marc:subfield><marc:subfield code="2">Konspekt</marc:subfield><marc:subfield code="9">22</marc:subfield></marc:datafield><marc:datafield tag="100" ind1="1" ind2=" "><marc:subfield code="a">Vrbová, Miroslava,</marc:subfield><marc:subfield code="d">1940-</marc:subfield><marc:subfield code="7">ntka174396</marc:subfield><marc:subfield code="4">aut</marc:subfield></marc:datafield><marc:datafield tag="245" ind1="1" ind2="0"><marc:subfield code="a">Úvod do laserové techniky /</marc:subfield><marc:subfield code="c">Miroslava Vrbová, Helena Jelínková, Petr Gavrilov</marc:subfield></marc:datafield><marc:datafield tag="250" ind1=" " ind2=" "><marc:subfield code="a">1. vyd.</marc:subfield></marc:datafield><marc:datafield tag="260" ind1=" " ind2=" "><marc:subfield code="a">Praha :</marc:subfield><marc:subfield code="b">Vydavatelství ČVUT,</marc:subfield><marc:subfield code="c">1998 dotisk</marc:subfield></marc:datafield><marc:datafield tag="300" ind1=" " ind2=" "><marc:subfield code="a">228 s. :</marc:subfield><marc:subfield code="b">il. ;</marc:subfield><marc:subfield code="c">21 cm</marc:subfield></marc:datafield><marc:datafield tag="500" ind1=" " ind2=" "><marc:subfield code="a">Popsáno podle dotisku, rok původního vydání neuveden</marc:subfield></marc:datafield><marc:datafield tag="504" ind1=" " ind2=" "><marc:subfield code="a">Obsahuje rejstřík</marc:subfield></marc:datafield><marc:datafield tag="650" ind1="0" ind2="7"><marc:subfield code="a">lasery</marc:subfield><marc:subfield code="7">ph122185</marc:subfield><marc:subfield code="2">czenas</marc:subfield></marc:datafield><marc:datafield tag="650" ind1="0" ind2="7"><marc:subfield code="a">laserová technika</marc:subfield><marc:subfield code="7">ph122183</marc:subfield><marc:subfield code="2">czenas</marc:subfield></marc:datafield><marc:datafield tag="655" ind1=" " ind2="7"><marc:subfield code="a">učebnice vysokých škol</marc:subfield><marc:subfield code="7">fd133772</marc:subfield><marc:subfield code="2">czenas</marc:subfield></marc:datafield><marc:datafield tag="700" ind1="1" ind2=" "><marc:subfield code="a">Gavrilov, Petr,</marc:subfield><marc:subfield code="d">1955-</marc:subfield><marc:subfield code="7">ntka172436</marc:subfield><marc:subfield code="4">aut</marc:subfield></marc:datafield><marc:datafield tag="700" ind1="1" ind2=" "><marc:subfield code="a">Jelínková, Helena,</marc:subfield><marc:subfield code="d">1946-</marc:subfield><marc:subfield code="7">ntka172771</marc:subfield><marc:subfield code="4">aut</marc:subfield></marc:datafield><marc:datafield tag="710" ind1="2" ind2=" "><marc:subfield code="a">České vysoké učení technické v Praze.</marc:subfield><marc:subfield code="b">Jaderná a fyzikálně inženýrská fakulta</marc:subfield><marc:subfield code="7">kn20010710178</marc:subfield></marc:datafield><marc:datafield tag="990" ind1=" " ind2=" "><marc:subfield code="a">A</marc:subfield></marc:datafield><marc:datafield tag="992" ind1=" " ind2=" "><marc:subfield code="s">PA</marc:subfield><marc:subfield code="a">20200731</marc:subfield><marc:subfield code="b">batch</marc:subfield></marc:datafield><marc:datafield tag="992" ind1=" " ind2=" "><marc:subfield code="s">A</marc:subfield><marc:subfield code="a">20210201</marc:subfield><marc:subfield code="b">batch</marc:subfield></marc:datafield><marc:datafield tag="998" ind1=" " ind2=" "><marc:subfield code="a">DNT01-000153135</marc:subfield></marc:datafield></marc:record></metadata></record>