<record><header><identifier>oai:aleph-nkp.cz:DNT01-000153137</identifier><datestamp>2021-08-01T12:05:18Z</datestamp><setSpec>DNT-ALL</setSpec></header><metadata><marc:record xmlns:marc="http://www.loc.gov/MARC21/slim"
xmlns:xsi="http://www.w3.org/2001/XMLSchema-instance"
xsi:schemaLocation="http://www.loc.gov/MARC21/slim
http://www.loc.gov/standards/marcxml/schema/MARC21slim.xsd"><marc:leader>     nam a22      a 4500</marc:leader><marc:controlfield tag="001">000153137</marc:controlfield><marc:controlfield tag="003">CZ PrDNT</marc:controlfield><marc:controlfield tag="005">20191208100011.0</marc:controlfield><marc:controlfield tag="008">980327s1997    xr     e      ||| | cze  </marc:controlfield><marc:datafield tag="020" ind1=" " ind2=" "><marc:subfield code="a">80-7066-947-0</marc:subfield></marc:datafield><marc:datafield tag="035" ind1=" " ind2=" "><marc:subfield code="a">(CZ-PrSKC)000114443</marc:subfield></marc:datafield><marc:datafield tag="040" ind1=" " ind2=" "><marc:subfield code="a">HKA001</marc:subfield><marc:subfield code="b">cze</marc:subfield></marc:datafield><marc:datafield tag="072" ind1=" " ind2="7"><marc:subfield code="a">53</marc:subfield><marc:subfield code="x">Fyzika</marc:subfield><marc:subfield code="2">Konspekt</marc:subfield><marc:subfield code="9">6</marc:subfield></marc:datafield><marc:datafield tag="072" ind1=" " ind2="7"><marc:subfield code="a">37.016</marc:subfield><marc:subfield code="x">Učební osnovy. Vyučovací předměty. Učebnice</marc:subfield><marc:subfield code="2">Konspekt</marc:subfield><marc:subfield code="9">22</marc:subfield></marc:datafield><marc:datafield tag="100" ind1="1" ind2=" "><marc:subfield code="a">Ďoubal, Stanislav,</marc:subfield><marc:subfield code="d">1946-</marc:subfield><marc:subfield code="7">jn19981002703</marc:subfield><marc:subfield code="4">aut</marc:subfield></marc:datafield><marc:datafield tag="245" ind1="1" ind2="0"><marc:subfield code="a">Vybrané kapitoly z fyziky a biofyziky /</marc:subfield><marc:subfield code="c">Stanislav Ďoubal, Daria Kučová</marc:subfield></marc:datafield><marc:datafield tag="260" ind1=" " ind2=" "><marc:subfield code="a">Praha :</marc:subfield><marc:subfield code="b">Karolinum,</marc:subfield><marc:subfield code="c">1997 Dotisk</marc:subfield></marc:datafield><marc:datafield tag="300" ind1=" " ind2=" "><marc:subfield code="a">191 s. :</marc:subfield><marc:subfield code="b">il. ;</marc:subfield><marc:subfield code="c">30 cm</marc:subfield></marc:datafield><marc:datafield tag="520" ind1="2" ind2=" "><marc:subfield code="a">Učební texty z fyziky pro posluchače katedry biofyziky a fyzikální chemie farmaceutické fakulty UK.</marc:subfield></marc:datafield><marc:datafield tag="650" ind1="0" ind2="7"><marc:subfield code="a">fyzika</marc:subfield><marc:subfield code="7">ph114601</marc:subfield><marc:subfield code="2">czenas</marc:subfield></marc:datafield><marc:datafield tag="650" ind1="0" ind2="7"><marc:subfield code="a">biofyzika</marc:subfield><marc:subfield code="7">ph114152</marc:subfield><marc:subfield code="2">czenas</marc:subfield></marc:datafield><marc:datafield tag="655" ind1=" " ind2="7"><marc:subfield code="a">učebnice vysokých škol</marc:subfield><marc:subfield code="7">fd133772</marc:subfield><marc:subfield code="2">czenas</marc:subfield></marc:datafield><marc:datafield tag="700" ind1="1" ind2=" "><marc:subfield code="a">Kučová, Daria,</marc:subfield><marc:subfield code="d">1959-</marc:subfield><marc:subfield code="7">ola2004235604</marc:subfield><marc:subfield code="4">aut</marc:subfield></marc:datafield><marc:datafield tag="710" ind1="2" ind2=" "><marc:subfield code="a">Univerzita Karlova.</marc:subfield><marc:subfield code="b">Farmaceutická fakulta v Hradci Králové.</marc:subfield><marc:subfield code="b">Katedra biologických a lékařských věd</marc:subfield><marc:subfield code="7">xx0005883</marc:subfield></marc:datafield><marc:datafield tag="990" ind1=" " ind2=" "><marc:subfield code="a">A</marc:subfield></marc:datafield><marc:datafield tag="992" ind1=" " ind2=" "><marc:subfield code="s">PA</marc:subfield><marc:subfield code="a">20200731</marc:subfield><marc:subfield code="b">batch</marc:subfield></marc:datafield><marc:datafield tag="992" ind1=" " ind2=" "><marc:subfield code="s">A</marc:subfield><marc:subfield code="a">20210201</marc:subfield><marc:subfield code="b">batch</marc:subfield></marc:datafield><marc:datafield tag="998" ind1=" " ind2=" "><marc:subfield code="a">DNT01-000153137</marc:subfield></marc:datafield></marc:record></metadata></record>