<record><header><identifier>oai:aleph-nkp.cz:DNT01-000153139</identifier><datestamp>2021-08-01T12:05:18Z</datestamp><setSpec>DNT-ALL</setSpec></header><metadata><marc:record xmlns:marc="http://www.loc.gov/MARC21/slim"
xmlns:xsi="http://www.w3.org/2001/XMLSchema-instance"
xsi:schemaLocation="http://www.loc.gov/MARC21/slim
http://www.loc.gov/standards/marcxml/schema/MARC21slim.xsd"><marc:leader>     nam a22      a 4500</marc:leader><marc:controlfield tag="001">000153139</marc:controlfield><marc:controlfield tag="003">CZ PrDNT</marc:controlfield><marc:controlfield tag="005">20210320153931.0</marc:controlfield><marc:controlfield tag="007">tu</marc:controlfield><marc:controlfield tag="008">980121s1997    xr af  f      000 0 cze  </marc:controlfield><marc:datafield tag="015" ind1=" " ind2=" "><marc:subfield code="a">cnb000295322</marc:subfield></marc:datafield><marc:datafield tag="020" ind1=" " ind2=" "><marc:subfield code="a">80-7191-215-8</marc:subfield><marc:subfield code="q">(váz.)</marc:subfield><marc:subfield code="z">80-7191-258-1 :</marc:subfield><marc:subfield code="c">Kč 189,00</marc:subfield></marc:datafield><marc:datafield tag="035" ind1=" " ind2=" "><marc:subfield code="a">(CZ-PrSKC)cpk19980295322</marc:subfield></marc:datafield><marc:datafield tag="040" ind1=" " ind2=" "><marc:subfield code="a">ABA001</marc:subfield><marc:subfield code="b">cze</marc:subfield></marc:datafield><marc:datafield tag="041" ind1="1" ind2=" "><marc:subfield code="a">cze</marc:subfield><marc:subfield code="h">eng</marc:subfield></marc:datafield><marc:datafield tag="043" ind1=" " ind2=" "><marc:subfield code="a">e-ne---</marc:subfield></marc:datafield><marc:datafield tag="045" ind1=" " ind2=" "><marc:subfield code="a">x3x4</marc:subfield></marc:datafield><marc:datafield tag="072" ind1=" " ind2="7"><marc:subfield code="a">355/359</marc:subfield><marc:subfield code="x">Vojenství. Obrana země. Ozbrojené síly</marc:subfield><marc:subfield code="2">Konspekt</marc:subfield><marc:subfield code="9">15</marc:subfield></marc:datafield><marc:datafield tag="080" ind1=" " ind2=" "><marc:subfield code="a">355.483(492.93)&quot;1944&quot;</marc:subfield><marc:subfield code="2">MRF</marc:subfield></marc:datafield><marc:datafield tag="080" ind1=" " ind2=" "><marc:subfield code="a">355.48(100)&quot;1939/1945&quot;</marc:subfield><marc:subfield code="2">MRF</marc:subfield></marc:datafield><marc:datafield tag="080" ind1=" " ind2=" "><marc:subfield code="a">(492)</marc:subfield><marc:subfield code="2">MRF</marc:subfield></marc:datafield><marc:datafield tag="080" ind1=" " ind2=" "><marc:subfield code="a">(048.8)</marc:subfield><marc:subfield code="2">MRF</marc:subfield></marc:datafield><marc:datafield tag="100" ind1="1" ind2=" "><marc:subfield code="a">Korthals Altes, A.</marc:subfield><marc:subfield code="q">(Alexander),</marc:subfield><marc:subfield code="d">1931-1988</marc:subfield><marc:subfield code="7">ola2005262922</marc:subfield><marc:subfield code="4">aut</marc:subfield></marc:datafield><marc:datafield tag="245" ind1="1" ind2="0"><marc:subfield code="a">Zapomenutá bitva :</marc:subfield><marc:subfield code="b">Overloon /</marc:subfield><marc:subfield code="c">A. Korthals ; [přeloženo z angličtiny]</marc:subfield></marc:datafield><marc:datafield tag="246" ind1="3" ind2=" "><marc:subfield code="a">Overloon</marc:subfield></marc:datafield><marc:datafield tag="250" ind1=" " ind2=" "><marc:subfield code="a">Vyd. 1.</marc:subfield></marc:datafield><marc:datafield tag="260" ind1=" " ind2=" "><marc:subfield code="a">Plzeň :</marc:subfield><marc:subfield code="b">Mustang,</marc:subfield><marc:subfield code="c">1997</marc:subfield></marc:datafield><marc:datafield tag="300" ind1=" " ind2=" "><marc:subfield code="a">154 s., [20] s. obr. příl. :</marc:subfield><marc:subfield code="b">il. ;</marc:subfield><marc:subfield code="c">24 cm</marc:subfield></marc:datafield><marc:datafield tag="490" ind1="1" ind2=" "><marc:subfield code="a">Military ;</marc:subfield><marc:subfield code="v">sv. 36</marc:subfield></marc:datafield><marc:datafield tag="500" ind1=" " ind2=" "><marc:subfield code="a">Bibliogr.</marc:subfield></marc:datafield><marc:datafield tag="520" ind1="2" ind2=" "><marc:subfield code="a">Historicko-vojenská monografie popisuje průběh málo známé bitvy mezi spojenci a německým vojskem na podzim 1944.</marc:subfield></marc:datafield><marc:datafield tag="520" ind1="2" ind2=" "><marc:subfield code="a">V říjnu 1944 došlo v oblasti jižního Holandska ke krvavému bojovému střetu německých vojáků s jednotkami spojenců. Bitva u strategicky významné obce Overloon, ležící na břehu řeky Maas, neznamenala žádný významný obrat ve vývoji světového válečného konfliktu, ani v ní nebylo dosaženo úspěchu strategicko-taktického. Jediným jejím zřejmým výsledkem tak bylo množství obětí v obou nepřátelských táborech. Monografie proto přináší poměrně objevná dokumentární svědectví o málo známé kapitole dějin 2. světové války. 8.1.1998 Duš.</marc:subfield></marc:datafield><marc:datafield tag="648" ind1=" " ind2="7"><marc:subfield code="a">1944</marc:subfield><marc:subfield code="7">ch967320</marc:subfield><marc:subfield code="2">czenas</marc:subfield></marc:datafield><marc:datafield tag="648" ind1=" " ind2="7"><marc:subfield code="a">1939-1945</marc:subfield><marc:subfield code="7">ch460653</marc:subfield><marc:subfield code="2">czenas</marc:subfield></marc:datafield><marc:datafield tag="650" ind1="0" ind2="7"><marc:subfield code="a">bitva u Overloonu (1944 : Overloon, Nizozemsko)</marc:subfield><marc:subfield code="7">ph117972</marc:subfield><marc:subfield code="2">czenas</marc:subfield></marc:datafield><marc:datafield tag="650" ind1="0" ind2="7"><marc:subfield code="a">druhá světová válka (1939-1945)</marc:subfield><marc:subfield code="7">ph117270</marc:subfield><marc:subfield code="z">Nizozemsko</marc:subfield><marc:subfield code="2">czenas</marc:subfield></marc:datafield><marc:datafield tag="655" ind1=" " ind2="7"><marc:subfield code="a">monografie</marc:subfield><marc:subfield code="7">fd132842</marc:subfield><marc:subfield code="2">czenas</marc:subfield></marc:datafield><marc:datafield tag="765" ind1="0" ind2=" "><marc:subfield code="t">Forgotten battle</marc:subfield><marc:subfield code="9">Česky</marc:subfield></marc:datafield><marc:datafield tag="830" ind1=" " ind2="0"><marc:subfield code="a">Military (Mustang)</marc:subfield></marc:datafield><marc:datafield tag="901" ind1=" " ind2=" "><marc:subfield code="o">19980209</marc:subfield><marc:subfield code="a">ISBN 80-7191-258-1</marc:subfield><marc:subfield code="f">1. vyd.</marc:subfield><marc:subfield code="g">Chybné ISBN uvedeno na rubu titulního listu; toto ISBN náleží publikaci: LUCAS, James: Válka na východní frontě 1941-1945</marc:subfield></marc:datafield><marc:datafield tag="990" ind1=" " ind2=" "><marc:subfield code="a">A</marc:subfield></marc:datafield><marc:datafield tag="992" ind1=" " ind2=" "><marc:subfield code="s">PA</marc:subfield><marc:subfield code="a">20200731</marc:subfield><marc:subfield code="b">batch</marc:subfield></marc:datafield><marc:datafield tag="992" ind1=" " ind2=" "><marc:subfield code="s">A</marc:subfield><marc:subfield code="a">20210201</marc:subfield><marc:subfield code="b">batch</marc:subfield></marc:datafield><marc:datafield tag="998" ind1=" " ind2=" "><marc:subfield code="a">DNT01-000153139</marc:subfield></marc:datafield></marc:record></metadata></record>