<record><header><identifier>oai:aleph-nkp.cz:DNT01-000153136</identifier><datestamp>2021-08-01T12:05:18Z</datestamp><setSpec>DNT-ALL</setSpec></header><metadata><marc:record xmlns:marc="http://www.loc.gov/MARC21/slim"
xmlns:xsi="http://www.w3.org/2001/XMLSchema-instance"
xsi:schemaLocation="http://www.loc.gov/MARC21/slim
http://www.loc.gov/standards/marcxml/schema/MARC21slim.xsd"><marc:leader>     nam a22     3a 4500</marc:leader><marc:controlfield tag="001">000153136</marc:controlfield><marc:controlfield tag="003">CZ PrDNT</marc:controlfield><marc:controlfield tag="005">20210111114301.0</marc:controlfield><marc:controlfield tag="007">ta</marc:controlfield><marc:controlfield tag="008">990416s1998    xr            ||| | cze d</marc:controlfield><marc:datafield tag="020" ind1=" " ind2=" "><marc:subfield code="a">80-237-3564-0</marc:subfield><marc:subfield code="q">(soubor)</marc:subfield></marc:datafield><marc:datafield tag="020" ind1=" " ind2=" "><marc:subfield code="a">80-237-3551-9</marc:subfield></marc:datafield><marc:datafield tag="035" ind1=" " ind2=" "><marc:subfield code="a">(CZ-PrSKC)m0316511</marc:subfield></marc:datafield><marc:datafield tag="040" ind1=" " ind2=" "><marc:subfield code="a">CBA001</marc:subfield><marc:subfield code="b">cze</marc:subfield></marc:datafield><marc:datafield tag="080" ind1=" " ind2=" "><marc:subfield code="a">821.162.3-1</marc:subfield><marc:subfield code="2">MRF</marc:subfield></marc:datafield><marc:datafield tag="100" ind1="1" ind2=" "><marc:subfield code="a">Mikulášek, Oldřich,</marc:subfield><marc:subfield code="d">1910-1985</marc:subfield><marc:subfield code="7">jk01081628</marc:subfield><marc:subfield code="4">aut</marc:subfield></marc:datafield><marc:datafield tag="245" ind1="1" ind2="0"><marc:subfield code="a">Verše.</marc:subfield><marc:subfield code="n">II /</marc:subfield><marc:subfield code="c">Oldřich Mikulášek ; [k vydání připravili Jiří Kudrnáč a Zdeněk Drahoš]</marc:subfield></marc:datafield><marc:datafield tag="250" ind1=" " ind2=" "><marc:subfield code="a">Vyd. souboru 1.</marc:subfield></marc:datafield><marc:datafield tag="260" ind1=" " ind2=" "><marc:subfield code="a">Praha :</marc:subfield><marc:subfield code="b">Ivo Železný,</marc:subfield><marc:subfield code="c">1998</marc:subfield></marc:datafield><marc:datafield tag="300" ind1=" " ind2=" "><marc:subfield code="a">318 s.</marc:subfield></marc:datafield><marc:datafield tag="520" ind1="2" ind2=" "><marc:subfield code="a">Druhý díl souboru poezie shrnuje básnické dílo z let 1953-1962 a obsahuje celkem sedm básnických sbírek.</marc:subfield></marc:datafield><marc:datafield tag="520" ind1="2" ind2=" "><marc:subfield code="a">Tvorba z těchto let je v některých případech poplatná době svého vzniku a proto zde můžeme nalézt i verše ovlivněné tehdejší ideologií. Je však stále zřejmější, jak se autor postupně z tohoto vlivu dostává a zejména v šedesátých letech začíná vytvářet poezii, která ho později zařadila mezi velké české básníky. Kb</marc:subfield></marc:datafield><marc:datafield tag="650" ind1=" " ind2="7"><marc:subfield code="a">česká literatura</marc:subfield><marc:subfield code="7">ph116858</marc:subfield><marc:subfield code="2">czenas</marc:subfield></marc:datafield><marc:datafield tag="700" ind1="1" ind2=" "><marc:subfield code="a">Kudrnáč, Jiří,</marc:subfield><marc:subfield code="d">1953-</marc:subfield><marc:subfield code="7">mzk2002142462</marc:subfield><marc:subfield code="4">edt</marc:subfield></marc:datafield><marc:datafield tag="700" ind1="1" ind2=" "><marc:subfield code="a">Drahoš, Zdeněk,</marc:subfield><marc:subfield code="d">1960-</marc:subfield><marc:subfield code="7">jn20000400534</marc:subfield><marc:subfield code="4">edt</marc:subfield></marc:datafield><marc:datafield tag="990" ind1=" " ind2=" "><marc:subfield code="a">A</marc:subfield></marc:datafield><marc:datafield tag="992" ind1=" " ind2=" "><marc:subfield code="s">PA</marc:subfield><marc:subfield code="a">20200731</marc:subfield><marc:subfield code="b">batch</marc:subfield></marc:datafield><marc:datafield tag="992" ind1=" " ind2=" "><marc:subfield code="s">A</marc:subfield><marc:subfield code="a">20210201</marc:subfield><marc:subfield code="b">batch</marc:subfield></marc:datafield><marc:datafield tag="998" ind1=" " ind2=" "><marc:subfield code="a">DNT01-000153136</marc:subfield></marc:datafield></marc:record></metadata></record><resumptionToken>202108011205185999999999999999DNT-ALL:DNT-ALLM</resumptionToken></ListRecords></OAI-PMH> 